<?xml version="1.0" encoding="UTF-8"?><collection xmlns="http://www.loc.gov/MARC21/slim"><record><leader>00360nam--2200133-i-4500</leader><controlfield tag="001">000005286</controlfield><controlfield tag="002">20161230</controlfield><controlfield tag="005">20161230201026</controlfield><controlfield tag="008">060222s1000------------r-----000-0-eng-d</controlfield><datafield ind1=" " ind2=" " tag="100"><subfield code="a">Almgren, B</subfield></datafield><datafield ind1=" " ind2=" " tag="245"><subfield code="a">On the calculation of the fast fission factor</subfield></datafield><datafield ind1=" " ind2=" " tag="260"><subfield code="a">Stockholm, Aktiebolaget Atomenergy, 1960 16 P.+1 Tab. + 5 Fig</subfield></datafield><datafield ind1=" " ind2=" " tag="490"><subfield code="a">Ae 27</subfield></datafield><datafield ind1=" " ind2=" " tag="852"><subfield code="a">15157</subfield></datafield></record></collection>